%YAML 1.1
%TAG !u! tag:unity3d.com,2011:
--- !u!1 &2921530594037168469
GameObject:
  m_ObjectHideFlags: 0
  m_CorrespondingSourceObject: {fileID: 0}
  m_PrefabInstance: {fileID: 0}
  m_PrefabAsset: {fileID: 0}
  serializedVersion: 6
  m_Component:
  - component: {fileID: 2921530594037168470}
  m_Layer: 0
  m_Name: BodyLimit
  m_TagString: Untagged
  m_Icon: {fileID: 0}
  m_NavMeshLayer: 0
  m_StaticEditorFlags: 0
  m_IsActive: 1
--- !u!4 &2921530594037168470
Transform:
  m_ObjectHideFlags: 0
  m_CorrespondingSourceObject: {fileID: 0}
  m_PrefabInstance: {fileID: 0}
  m_PrefabAsset: {fileID: 0}
  m_GameObject: {fileID: 2921530594037168469}
  m_LocalRotation: {x: 0, y: 0, z: 0, w: 1}
  m_LocalPosition: {x: -0.37055, y: 0.000000044703, z: 0.37055}
  m_LocalScale: {x: 1, y: 1, z: 1}
  m_Children: []
  m_Father: {fileID: 2921530595466997152}
  m_RootOrder: 0
  m_LocalEulerAnglesHint: {x: 0, y: 0, z: 0}
--- !u!1 &2921530595466997167
GameObject:
  m_ObjectHideFlags: 0
  m_CorrespondingSourceObject: {fileID: 0}
  m_PrefabInstance: {fileID: 0}
  m_PrefabAsset: {fileID: 0}
  serializedVersion: 6
  m_Component:
  - component: {fileID: 2921530595466997152}
  - component: {fileID: 2921530595466997155}
  - component: {fileID: 2921530595466997157}
  - component: {fileID: -6504621359034946217}
  - component: {fileID: 6170705986351638808}
  m_Layer: 0
  m_Name: Fighter_BOSS
  m_TagString: Enemy
  m_Icon: {fileID: 0}
  m_NavMeshLayer: 0
  m_StaticEditorFlags: 0
  m_IsActive: 1
--- !u!4 &2921530595466997152
Transform:
  m_ObjectHideFlags: 0
  m_CorrespondingSourceObject: {fileID: 0}
  m_PrefabInstance: {fileID: 0}
  m_PrefabAsset: {fileID: 0}
  m_GameObject: {fileID: 2921530595466997167}
  m_LocalRotation: {x: 0, y: -0.8779955, z: 0, w: 0.4786689}
  m_LocalPosition: {x: 4.2623796, y: 0, z: -6.301008}
  m_LocalScale: {x: 1, y: 1, z: 1}
  m_Children:
  - {fileID: 2921530594037168470}
  - {fileID: 4817864777989577078}
  - {fileID: 8711822659961503187}
  m_Father: {fileID: 0}
  m_RootOrder: 0
  m_LocalEulerAnglesHint: {x: 0, y: -122.80301, z: 0}
--- !u!54 &2921530595466997155
Rigidbody:
  m_ObjectHideFlags: 0
  m_CorrespondingSourceObject: {fileID: 0}
  m_PrefabInstance: {fileID: 0}
  m_PrefabAsset: {fileID: 0}
  m_GameObject: {fileID: 2921530595466997167}
  serializedVersion: 2
  m_Mass: 1
  m_Drag: 0.1
  m_AngularDrag: 0.05
  m_UseGravity: 1
  m_IsKinematic: 0
  m_Interpolate: 0
  m_Constraints: 84
  m_CollisionDetection: 0
--- !u!65 &2921530595466997157
BoxCollider:
  m_ObjectHideFlags: 0
  m_CorrespondingSourceObject: {fileID: 0}
  m_PrefabInstance: {fileID: 0}
  m_PrefabAsset: {fileID: 0}
  m_GameObject: {fileID: 2921530595466997167}
  m_Material: {fileID: 0}
  m_IsTrigger: 0
  m_Enabled: 1
  serializedVersion: 2
  m_Size: {x: 1, y: 1.8, z: 1}
  m_Center: {x: 0, y: 0.9, z: 0}
--- !u!114 &-6504621359034946217
MonoBehaviour:
  m_ObjectHideFlags: 0
  m_CorrespondingSourceObject: {fileID: 0}
  m_PrefabInstance: {fileID: 0}
  m_PrefabAsset: {fileID: 0}
  m_GameObject: {fileID: 2921530595466997167}
  m_Enabled: 1
  m_EditorHideFlags: 0
  m_Script: {fileID: 11500000, guid: 57bb1cff60de80a4697d52355e7bdc31, type: 3}
  m_Name: 
  m_EditorClassIdentifier: 
  maxHealth: 5
  currentHealth: 5
  defense: 0
  baseAttack: 0
  speed: 8
  isAlive: 1
  deathFx: {fileID: 742315189118003367, guid: 1a5d89d1c14c7c54092d1e2c39efeb5a, type: 3}
  attackDetection: {fileID: 4715710810587814872}
  bodyLimit: {fileID: 2921530594037168470}
  weaponGO: {fileID: 0}
  mainWeapon: {fileID: 11400000, guid: 4e8afb6351f05654ebf915da2150b87a, type: 2}
  unityEnemyTag: Player
  invincibilyTime: 1
  player: {fileID: 0}
  canBePushed: 1
  chasePlayer: 1
  attackPlayer: 1
--- !u!195 &6170705986351638808
NavMeshAgent:
  m_ObjectHideFlags: 0
  m_CorrespondingSourceObject: {fileID: 0}
  m_PrefabInstance: {fileID: 0}
  m_PrefabAsset: {fileID: 0}
  m_GameObject: {fileID: 2921530595466997167}
  m_Enabled: 1
  m_AgentTypeID: 0
  m_Radius: 0.5
  m_Speed: 3.5
  m_Acceleration: 8
  avoidancePriority: 50
  m_AngularSpeed: 120
  m_StoppingDistance: 0
  m_AutoTraverseOffMeshLink: 1
  m_AutoBraking: 1
  m_AutoRepath: 1
  m_Height: 1.8
  m_BaseOffset: 0
  m_WalkableMask: 4294967295
  m_ObstacleAvoidanceType: 4
--- !u!1 &4560797692585512067
GameObject:
  m_ObjectHideFlags: 0
  m_CorrespondingSourceObject: {fileID: 0}
  m_PrefabInstance: {fileID: 0}
  m_PrefabAsset: {fileID: 0}
  serializedVersion: 6
  m_Component:
  - component: {fileID: 4817864777989577078}
  - component: {fileID: 4715710810587814872}
  m_Layer: 0
  m_Name: AttackDetection
  m_TagString: ProjectileIgnore
  m_Icon: {fileID: 0}
  m_NavMeshLayer: 0
  m_StaticEditorFlags: 0
  m_IsActive: 1
--- !u!4 &4817864777989577078
Transform:
  m_ObjectHideFlags: 0
  m_CorrespondingSourceObject: {fileID: 0}
  m_PrefabInstance: {fileID: 0}
  m_PrefabAsset: {fileID: 0}
  m_GameObject: {fileID: 4560797692585512067}
  m_LocalRotation: {x: 0, y: 0, z: 0, w: 1}
  m_LocalPosition: {x: 0, y: 0, z: 0}
  m_LocalScale: {x: 1, y: 1, z: 1}
  m_Children: []
  m_Father: {fileID: 2921530595466997152}
  m_RootOrder: 1
  m_LocalEulerAnglesHint: {x: 0, y: 0, z: 0}
--- !u!65 &4715710810587814872
BoxCollider:
  m_ObjectHideFlags: 0
  m_CorrespondingSourceObject: {fileID: 0}
  m_PrefabInstance: {fileID: 0}
  m_PrefabAsset: {fileID: 0}
  m_GameObject: {fileID: 4560797692585512067}
  m_Material: {fileID: 0}
  m_IsTrigger: 1
  m_Enabled: 1
  serializedVersion: 2
  m_Size: {x: 2, y: 1.8, z: 1}
  m_Center: {x: 0, y: 0.9, z: 1.11}
--- !u!95 &915781350560952461
Animator:
  serializedVersion: 3
  m_ObjectHideFlags: 0
  m_CorrespondingSourceObject: {fileID: 0}
  m_PrefabInstance: {fileID: 0}
  m_PrefabAsset: {fileID: 0}
  m_GameObject: {fileID: 5673908077617926080}
  m_Enabled: 1
  m_Avatar: {fileID: 0}
  m_Controller: {fileID: 22100000, guid: 0fc904f1fb1e56c418fcf0f83f2aec8d, type: 2}
  m_CullingMode: 0
  m_UpdateMode: 0
  m_ApplyRootMotion: 0
  m_LinearVelocityBlending: 0
  m_WarningMessage: 
  m_HasTransformHierarchy: 1
  m_AllowConstantClipSamplingOptimization: 1
  m_KeepAnimatorControllerStateOnDisable: 0
--- !u!1001 &4439467604409423561
PrefabInstance:
  m_ObjectHideFlags: 0
  serializedVersion: 2
  m_Modification:
    m_TransformParent: {fileID: 2921530595466997152}
    m_Modifications:
    - target: {fileID: -927199367670048503, guid: 222e0f5abf93f3a4d86dd7ab8064f7a7,
        type: 3}
      propertyPath: m_Name
      value: char_boxman
      objectReference: {fileID: 0}
    - target: {fileID: -4216859302048453862, guid: 222e0f5abf93f3a4d86dd7ab8064f7a7,
        type: 3}
      propertyPath: m_LocalPosition.x
      value: -0
      objectReference: {fileID: 0}
    - target: {fileID: -4216859302048453862, guid: 222e0f5abf93f3a4d86dd7ab8064f7a7,
        type: 3}
      propertyPath: m_LocalPosition.y
      value: 0
      objectReference: {fileID: 0}
    - target: {fileID: -4216859302048453862, guid: 222e0f5abf93f3a4d86dd7ab8064f7a7,
        type: 3}
      propertyPath: m_LocalPosition.z
      value: 0
      objectReference: {fileID: 0}
    - target: {fileID: -4216859302048453862, guid: 222e0f5abf93f3a4d86dd7ab8064f7a7,
        type: 3}
      propertyPath: m_LocalRotation.x
      value: -0.4999999
      objectReference: {fileID: 0}
    - target: {fileID: -4216859302048453862, guid: 222e0f5abf93f3a4d86dd7ab8064f7a7,
        type: 3}
      propertyPath: m_LocalRotation.y
      value: 0.5000001
      objectReference: {fileID: 0}
    - target: {fileID: -4216859302048453862, guid: 222e0f5abf93f3a4d86dd7ab8064f7a7,
        type: 3}
      propertyPath: m_LocalRotation.z
      value: 0.50000006
      objectReference: {fileID: 0}
    - target: {fileID: -4216859302048453862, guid: 222e0f5abf93f3a4d86dd7ab8064f7a7,
        type: 3}
      propertyPath: m_LocalRotation.w
      value: 0.49999994
      objectReference: {fileID: 0}
    - target: {fileID: -4216859302048453862, guid: 222e0f5abf93f3a4d86dd7ab8064f7a7,
        type: 3}
      propertyPath: m_RootOrder
      value: 2
      objectReference: {fileID: 0}
    - target: {fileID: -4216859302048453862, guid: 222e0f5abf93f3a4d86dd7ab8064f7a7,
        type: 3}
      propertyPath: m_LocalEulerAnglesHint.x
      value: -90.00001
      objectReference: {fileID: 0}
    - target: {fileID: -4216859302048453862, guid: 222e0f5abf93f3a4d86dd7ab8064f7a7,
        type: 3}
      propertyPath: m_LocalEulerAnglesHint.y
      value: 0
      objectReference: {fileID: 0}
    - target: {fileID: -4216859302048453862, guid: 222e0f5abf93f3a4d86dd7ab8064f7a7,
        type: 3}
      propertyPath: m_LocalEulerAnglesHint.z
      value: 90.00001
      objectReference: {fileID: 0}
    - target: {fileID: -4216859302048453862, guid: 222e0f5abf93f3a4d86dd7ab8064f7a7,
        type: 3}
      propertyPath: m_LocalScale.x
      value: 3
      objectReference: {fileID: 0}
    - target: {fileID: -4216859302048453862, guid: 222e0f5abf93f3a4d86dd7ab8064f7a7,
        type: 3}
      propertyPath: m_LocalScale.y
      value: 3
      objectReference: {fileID: 0}
    - target: {fileID: -4216859302048453862, guid: 222e0f5abf93f3a4d86dd7ab8064f7a7,
        type: 3}
      propertyPath: m_LocalScale.z
      value: 3
      objectReference: {fileID: 0}
    - target: {fileID: 6185876251424384415, guid: 222e0f5abf93f3a4d86dd7ab8064f7a7,
        type: 3}
      propertyPath: m_Materials.Array.data[0]
      value: 
      objectReference: {fileID: 2100000, guid: 53cd7ee4bf9910042871b7620cb19d44, type: 2}
    m_RemovedComponents: []
  m_SourcePrefab: {fileID: 100100000, guid: 222e0f5abf93f3a4d86dd7ab8064f7a7, type: 3}
--- !u!1 &5673908077617926080 stripped
GameObject:
  m_CorrespondingSourceObject: {fileID: -927199367670048503, guid: 222e0f5abf93f3a4d86dd7ab8064f7a7,
    type: 3}
  m_PrefabInstance: {fileID: 4439467604409423561}
  m_PrefabAsset: {fileID: 0}
--- !u!4 &8711822659961503187 stripped
Transform:
  m_CorrespondingSourceObject: {fileID: -4216859302048453862, guid: 222e0f5abf93f3a4d86dd7ab8064f7a7,
    type: 3}
  m_PrefabInstance: {fileID: 4439467604409423561}
  m_PrefabAsset: {fileID: 0}
